<record><leader>00000cas a2200000 a 4500</leader><controlfield tag="001">11742895</controlfield><controlfield tag="008">850227d18951896ksuwr ne      0   a0eng d</controlfield><datafield ind1=" " ind2=" " tag="010"><subfield code="a">sn 84030247 </subfield></datafield><datafield ind1=" " ind2=" " tag="040"><subfield code="a">KSH</subfield><subfield code="b">eng</subfield><subfield code="c">KSH</subfield><subfield code="d">NPT</subfield><subfield code="d">OCL</subfield><subfield code="d">OCLCQ</subfield></datafield><datafield ind1=" " ind2=" " tag="042"><subfield code="a">msc</subfield></datafield><datafield ind1="0" ind2="0" tag="245"><subfield code="a">Fall River advocate.</subfield></datafield><datafield ind1=" " ind2=" " tag="260"><subfield code="a">Fall River, Kan. :</subfield><subfield code="b">Paul Wiley,</subfield><subfield code="c">1895-1896.</subfield></datafield><datafield ind1=" " ind2=" " tag="300"><subfield code="a">2 v. :</subfield><subfield code="b">ill. ;</subfield><subfield code="c">60 cm.</subfield></datafield><datafield ind1=" " ind2=" " tag="310"><subfield code="a">Weekly</subfield></datafield><datafield ind1="0" ind2=" " tag="362"><subfield code="a">Vol. 3, no. 31 (June 7, 1895)-v. 4, no. 36 (July 10, 1896).</subfield></datafield><datafield ind1=" " ind2=" " tag="500"><subfield code="a">Published by: A.B. Miller, Oct. 25, 1895-Apr. 3, 1896; Chas. Bailey, Apr. 10-May 29, 1896; C.O. Warner, June 5-July 10, 1896.</subfield></datafield><datafield ind1=" " ind2=" " tag="500"><subfield code="a">Republican.</subfield></datafield><datafield ind1=" " ind2=" " tag="752"><subfield code="a">United States</subfield><subfield code="b">Kansas</subfield><subfield code="c">Greenwood</subfield><subfield code="d">Fall River.</subfield></datafield><datafield ind1="0" ind2="0" tag="780"><subfield code="t">Kansas advocate</subfield><subfield code="w">(DLC)sn 84030248</subfield></datafield><datafield ind1="0" ind2="0" tag="785"><subfield code="t">Greenwood County sunflower</subfield><subfield code="w">(DLC)sn 84030246</subfield></datafield></record>